<?xml version="1.0" encoding="UTF-8"?><record xmlns="http://www.loc.gov/MARC21/slim" xmlns:cinclude="http://apache.org/cocoon/include/1.0" xmlns:zs="http://www.loc.gov/zing/srw/">
  <leader>00675cz  a2200169n  4500</leader>
  <controlfield tag="001">no2007095453</controlfield>
  <controlfield tag="003">DLC</controlfield>
  <controlfield tag="005">20120817082640.0</controlfield>
  <controlfield tag="008">070816n| acannaabn          |n aaa     c</controlfield>
  <datafield tag="010" ind1=" " ind2=" ">
    <subfield code="a">no2007095453</subfield>
  </datafield>
  <datafield tag="035" ind1=" " ind2=" ">
    <subfield code="a">(OCoLC)oca07498369</subfield>
  </datafield>
  <datafield tag="040" ind1=" " ind2=" ">
    <subfield code="a">CU-A</subfield>
    <subfield code="b">eng</subfield>
    <subfield code="c">CU-A</subfield>
    <subfield code="d">DLC</subfield>
  </datafield>
  <datafield tag="046" ind1=" " ind2=" ">
    <subfield code="f">1847</subfield>
    <subfield code="g">1919</subfield>
  </datafield>
  <datafield tag="100" ind1="1" ind2=" ">
    <subfield code="a">Squire, Peter Wyatt,</subfield>
    <subfield code="c">Sir,</subfield>
    <subfield code="d">1847-1919</subfield>
  </datafield>
  <datafield tag="667" ind1=" " ind2=" ">
    <subfield code="a">THIS 1XX FIELD CANNOT BE USED UNDER RDA UNTIL THIS RECORD HAS BEEN REVIEWED AND/OR UPDATED</subfield>
  </datafield>
  <datafield tag="670" ind1=" " ind2=" ">
    <subfield code="a">Methods and formulae used in the preparation of animal and vegetable tissues for microbial examination, 1892:</subfield>
    <subfield code="b">t.p. (Peter Wyatt Squire)</subfield>
  </datafield>
  <datafield tag="670" ind1=" " ind2=" ">
    <subfield code="a">OCLC, August 16, 2007:</subfield>
    <subfield code="b">(hdg.: Squire, Peter Wyatt, Sir, 1847-1919)</subfield>
  </datafield>
</record>